@BOOK{DUMMY:1,
AUTHOR="Anthony Zyweck, B.E.(Hons). B.Sc.",
TITLE="Preprocessing Issues in High Resolution Radar Target Classification",
PUBLISHER="ICASSP'94 ",
YEAR="1995",
}
@BOOK{DUMMY:2,
AUTHOR="J.Chamberland",
TITLE="Radar Cross-Section Data Processing Software ",
PUBLISHER="Defence Research and Development Canada ",
YEAR="2003",
}
@BOOK{DUMMY:3,
AUTHOR="Nicholar J. Testin , Philip Davis, Ian Dorell",
TITLE="Data Logging System for a Synthetic Aperture Radar Unit",
PUBLISHER="DigitalCommons@Kennesaw State University",
YEAR="2016",
}
@BOOK{DUMMY:4,
AUTHOR="Andrew French",
TITLE="Target Recognition Techniques for multifunction phased array radar",
PUBLISHER="University College Londo",
YEAR="2010",
}
@BOOK{DUMMY:5,
AUTHOR="Sagarkumar S. Badhiye, Dr. P. N. Chatur, B. V. Wakode",
TITLE="Data Logger System of traffic: A Survey ",
PUBLISHER="International Journal of Computer Technology and Electronics Engineering (IJCTEE)",
YEAR="2013",
}